<?xml version="1.0" encoding="UTF-8"?><collection xmlns="http://www.loc.gov/MARC21/slim"><record><leader>00287nam--2200109-i-4500</leader><controlfield tag="001">000022138</controlfield><controlfield tag="002">20161230</controlfield><controlfield tag="005">20161230201034</controlfield><controlfield tag="008">060222s1000------------r-----000-0-eng-d</controlfield><datafield ind1=" " ind2=" " tag="245"><subfield code="a">Indreptar ortografic, ortoepic si de punctuatie</subfield></datafield><datafield ind1=" " ind2=" " tag="260"><subfield code="a">Bucuresti, Ed.Acad. Rpr., 1962. 326p</subfield></datafield><datafield ind1=" " ind2=" " tag="852"><subfield code="a">8612</subfield></datafield></record></collection>